% Encoding: UTF-8

@Book{Halang2016,
  title     = {Internet der Dinge},
  publisher = {Springer Vieweg},
  year      = {2016},
  author    = {W.A. Halang, H. Unger (Hrsg.)},
}

@Article{BMWiSuK2016,
  author = {Bundesministerium für Wirtschaft und Energie, BMWi},
  title  = {Technischer Überblick: Sichere unternehmensübergreifende Kommunikation},
  year   = {2016},
}

@Comment{jabref-meta: databaseType:bibtex;}
